%
%  To use bibtex and this file enter the following lines (without
% comment) where the bibliography is desired in the LaTeX input file:
%\bibliography{miras}
%\bibliographystyle{plain}
%
% then run bibtex, if the LaTeX input is paper.tex then
% bibtex paper
%
%
@preamble{ "\newcommand{\noopsort}[1]{} "
        # "\newcommand{\printfirst}[2]{#1} "
        # "\newcommand{\singleletter}[1]{#1} " 
        # "\newcommand{\switchargs}[2]{#2#1} " }

%